@article{人类反应时间,
  title={Speed of processing in the human visual system},
  author={Thorpe, Simon and Fize, Denis and Marlot, Catherine},
  journal={nature},
  volume={381},
  number={6582},
  pages={520},
  year={1996},
  publisher={Nature Publishing Group}
}
@book{力学,
  title={力学: 物理类},
  author={舒幼生},
  year={2005},
  publisher={北京大学出版社}
}

@book{力学zkh,
  title={新概念物理教程力学(第二版)},
  author={赵凯华 and 罗蔚茵},
  year={2004},
  publisher={北京: 高等教育出版社}
}
@article{matlab应用,
  title={MATLAB 在数学建模中的应用},
  author={卓金武 and 魏永生 and 秦健 and others},
  journal={北京航空航天大学出版社, 北京},
  year={2011},
  publisher={万方数据资源系统}
}
@article{eyes,
  title={Analysis of influential factors to the contrast sensitivity on human eyes},
  author={Qi, Yuanyuan and Zhang, Fengju and YU, Fanglei and others},
  journal={Chinese journal of optometry \& ophthalmology},
  volume={9},
  number={5},
  pages={328--331},
  year={2007}
}